<collection xmlns="http://www.loc.gov/MARC21/slim">
<record>
  <leader>01261nam0a22002891i 450 </leader>
  <controlfield tag="001">IT\ICCU\CNCE\039570</controlfield>
  <controlfield tag="005">20060711000000.0</controlfield>
  <datafield tag="100" ind1=" " ind2=" ">
    <subfield code="a">19981110d1587        0itac0103    ba</subfield>
  </datafield>
  <datafield tag="101" ind1=" " ind2=" ">
    <subfield code="a">LAT</subfield>
  </datafield>
  <datafield tag="102" ind1=" " ind2=" ">
    <subfield code="a">IT</subfield>
  </datafield>
  <datafield tag="200" ind1="1" ind2=" ">
    <subfield code="a">Summa Syluestrinae, Pars Prima \-secunda!</subfield>
  </datafield>
  <datafield tag="210" ind1=" " ind2=" ">
    <subfield code="a">Venetiis</subfield>
    <subfield code="c">insegna della Salamandra</subfield>
    <subfield code="d">ed eredi Pietro Deuchino</subfield>
    <subfield code="d">1587</subfield>
  </datafield>
  <datafield tag="215" ind1=" " ind2=" ">
    <subfield code="a">2 v.</subfield>
    <subfield code="d">4ʻ</subfield>
  </datafield>
  <datafield tag="300" ind1=" " ind2=" ">
    <subfield code="a">E&apos; identica a CNC 31333</subfield>
  </datafield>
  <datafield tag="620" ind1=" " ind2=" ">
    <subfield code="a">IT</subfield>
    <subfield code="d">Venezia</subfield>
  </datafield>
  <datafield tag="700" ind1=" " ind2="1">
    <subfield code="a">Mazzolini,</subfield>
    <subfield code="b">Silvestro</subfield>
    <subfield code="3">IT\ICCU\CNCA\013492</subfield>
  </datafield>
  <datafield tag="712" ind1="0" ind2="0">
    <subfield code="a">Zenaro, Damiano</subfield>
    <subfield code="3">IT\ICCU\CNCT\000294</subfield>
    <subfield code="4">650</subfield>
  </datafield>
  <datafield tag="712" ind1="0" ind2="0">
    <subfield code="a">Deuchino, Pietro - eredi</subfield>
    <subfield code="3">IT\ICCU\CNCT\000661</subfield>
    <subfield code="4">650</subfield>
  </datafield>
  <datafield tag="790" ind1=" " ind2="0">
    <subfield code="a">Sylvester</subfield>
    <subfield code="c"> : de#Prierio</subfield>
    <subfield code="3">IT\ICCU\CNCA\006648</subfield>
    <subfield code="z">Mazzolini, Silvestro</subfield>
  </datafield>
  <datafield tag="790" ind1=" " ind2="0">
    <subfield code="a">Prierias</subfield>
    <subfield code="3">IT\ICCU\CNCA\017154</subfield>
    <subfield code="z">Mazzolini, Silvestro</subfield>
  </datafield>
  <datafield tag="790" ind1=" " ind2="0">
    <subfield code="a">Silvester</subfield>
    <subfield code="c"> : Prierias</subfield>
    <subfield code="3">IT\ICCU\CNCA\021240</subfield>
    <subfield code="z">Mazzolini, Silvestro</subfield>
  </datafield>
  <datafield tag="790" ind1=" " ind2="1">
    <subfield code="a">Mazolini,</subfield>
    <subfield code="b">Silvestro</subfield>
    <subfield code="3">IT\ICCU\CNCA\026519</subfield>
    <subfield code="z">Mazzolini, Silvestro</subfield>
  </datafield>
  <datafield tag="791" ind1="0" ind2="2">
    <subfield code="a">℗al segno della ℗Salamandra</subfield>
    <subfield code="c"> &lt;1563-1600&gt;</subfield>
    <subfield code="3">IT\ICCU\CNCT\002327</subfield>
    <subfield code="z">Zenaro, Damiano</subfield>
  </datafield>
  <datafield tag="791" ind1="0" ind2="0">
    <subfield code="a">Genarus, Damianus</subfield>
    <subfield code="3">IT\ICCU\CNCT\002957</subfield>
    <subfield code="z">Zenaro, Damiano</subfield>
  </datafield>
  <datafield tag="791" ind1="0" ind2="0">
    <subfield code="a">Zenarus, Damianus</subfield>
    <subfield code="3">IT\ICCU\CNCT\005823</subfield>
    <subfield code="z">Zenaro, Damiano</subfield>
  </datafield>
  <datafield tag="791" ind1="0" ind2="0">
    <subfield code="a">Zenarius, Damianus</subfield>
    <subfield code="3">IT\ICCU\CNCT\005824</subfield>
    <subfield code="z">Zenaro, Damiano</subfield>
  </datafield>
  <datafield tag="801" ind1=" " ind2="3">
    <subfield code="a">IT</subfield>
    <subfield code="b">ICCU</subfield>
    <subfield code="c">20201114</subfield>
  </datafield>
</record>
</collection>
